@INPROCEEDINGS{Lin-MAC, 
author={Chung-Wei Lin and Sangiovanni-Vincentelli, A.}, 
booktitle={Proceedings of the 2012 International Conference on Cyber Security (CyberSecurity)}, 
title={Cyber-Security for the Controller Area Network ({CAN}) Communication Protocol}, 
year={2012}, 
month={Dec}, 
pages={1-7}, 
doi={10.1109/CyberSecurity.2012.7},}

@inproceedings{Jueneman-85,
	author = {Jueneman, R. R. and Matyas, S. M. and Meyer, C. H.},
	title = {Message Authentication with Manipulation Detection Code},
	booktitle = {Proceedings of the 1983 IEEE Symposium on Security and Privacy},
	series = {SP '83},
	year = {1983},
	isbn = {0-8186-0467-0},
	pages = {33--},
	url = {http://dl.acm.org/citation.cfm?id=829513.830516},
	acmid = {830516},
	publisher = {IEEE Computer Society},
	address = {Washington, DC, USA},
} 

@article{Tsudik-92,
	author = {Tsudik, Gene},
	title = {Message Authentication with One-way Hash Functions},
	journal = {SIGCOMM Comput. Commun. Rev.},
	issue_date = {Oct. 1992},
	volume = {22},
	number = {5},
	month = oct,
	year = {1992},
	issn = {0146-4833},
	pages = {29--38},
	numpages = {10},
	url = {http://doi.acm.org/10.1145/141809.141812},
	doi = {10.1145/141809.141812},
	acmid = {141812},
	publisher = {ACM},
	address = {New York, NY, USA},
} 

@inproceedings{MDx-MAC,
	author = {Prenel, Bart and Oorschot, Paul C. van},
	title = {MDx-MAC and Building Fast MACs from Hash Functions},
	booktitle = {Proceedings of the 15th Annual International Cryptology Conference on Advances in Cryptology},
	series = {CRYPTO '95},
	year = {1995},
	isbn = {3-540-60221-6},
	pages = {1--14},
	numpages = {14},
	url = {http://dl.acm.org/citation.cfm?id=646760.705865},
	acmid = {705865},
	publisher = {Springer-Verlag},
	address = {London, UK, UK},
}

@Book{FIPS-180-4,
	author =       "{National Institute of Standards and Technology}",
	title =        "{FIPS PUB 180-4}: Secure Hash Standard",
	publisher =    pub-NIST,
	address =      pub-NIST:adr,
	month =        mar,
	year =         "2012",
}

@Book{FIPS-198-1,
	author =       "{National Institute of Standards and Technology}",
	title =        "{FIPS PUB 198-1}: The Keyed-Hash Message Authentication Code (HMAC)",
	publisher =    pub-NIST,
	address =      pub-NIST:adr,
	month =        jul,
	year =         "2008",
}

@Book{FIPS-202,
	author =		"{National Institute of Standards and Technology}",
	title = 		"{DRAFT FIPS PUB 202}: SHA-3 Standard: Permutation-Based Hash and Extendable-Output Functions",
	publisher = 	pub-NIST,
	address = 		pub-NIST:adr,
	month =			may,
	year =			"2014",
}

@inproceedings{HMAC,
	author = {Bellare, Mihir and Canetti, Ran and Krawczyk, Hugo},
	title = {Keying Hash Functions for Message Authentication},
	booktitle = {Proceedings of the 16th Annual International Cryptology Conference on Advances in Cryptology},
	series = {CRYPTO '96},
	year = {1996},
	isbn = {3-540-61512-1},
	pages = {1--15},
	numpages = {15},
	url = {http://dl.acm.org/citation.cfm?id=646761.706031},
	acmid = {706031},
	publisher = {Springer-Verlag},
	address = {London, UK, UK},
}

@report{MD5,
	author = {Rivest, Ronald},
	title = {{IETF} {RFC}1321: The {MD5} Message-Digest Algorithm},
	year = {1992},
	month = apr,
}

@INPROCEEDINGS{Koscher-2010, 
	author={Koscher, K. and Czeskis, A. and Roesner, F. and Patel, S. and Kohno, T. and Checkoway, S. and McCoy, D. and Kantor, B. and Anderson, D. and Shacham, H. and Savage, S.}, 
	booktitle={Proceedings of the 2010 IEEE Symposium on Security and Privacy (SP)}, 
	title={Experimental Security Analysis of a Modern Automobile}, 
	year={2010}, 
	month={May}, 
	pages={447-462}, 
	keywords={Automobiles;Automotive engineering;Computer networks;Computerized monitoring;Control systems;Pervasive computing;Roads;Safety;Security;Testing;Automobiles;communication standards;communication system security;computer security;data buses}, 
	doi={10.1109/SP.2010.34}, 
	ISSN={1081-6011},}
	
@inproceedings{Checkoway-2011,
	title={Comprehensive Experimental Analyses of Automotive Attack Surfaces.},
	author={Checkoway, Stephen and McCoy, Damon and Kantor, Brian and Anderson, Danny and Shacham, Hovav and Savage, Stefan and Koscher, Karl and Czeskis, Alexei and Roesner, Franziska and Kohno, Tadayoshi and others},
	booktitle={USENIX Security Symposium},
	year={2011},
	organization={San Francisco}
}

@online{Peslyak,
  author = {Alexander Peslyak},
  title = {A portable, fast, and free implementation of the {MD5} Message-Digest Algorithm ({RFC} 1321)},
  year = {2009},
  url = {http://openwall.info/wiki/people/solar/software/public-domain-source-code/md5},
  urldate = {2015-09-23}
}

@online{Conte-SHA1,
	author = {Brad Conte},
	title = {Implementation of {SHA}-1 in {C}},
	year = {2006},
	url = {http://bradconte.com/sha1_c},
	urldate = {2015-09-23}
}

@online{Conte-SHA256,
	author = {Brad Conte},
	title = {Implementation of {SHA}-256 in {C}},
	year = {2006},
	url = {http://bradconte.com/sha256_c},
	urldate = {2015-09-23}
}

@inproceedings{Wang-MD5,
 author = {Wang, Xiaoyun and Yu, Hongbo},
 title = {How to Break {MD5} and Other Hash Functions},
 booktitle = {Proceedings of the 24th Annual International Conference on Theory and Applications of Cryptographic Techniques},
 series = {EUROCRYPT'05},
 year = {2005},
 isbn = {3-540-25910-4, 978-3-540-25910-7},
 location = {Aarhus, Denmark},
 pages = {19--35},
 numpages = {17},
 url = {http://dx.doi.org/10.1007/11426639_2},
 doi = {10.1007/11426639_2},
 acmid = {2154601},
 publisher = {Springer},
 address = {Berlin, Heidelberg},
} 

@incollection{Wang-SHA1,
year={2005},
isbn={978-3-540-28114-6},
booktitle={Advances in Cryptology â€“ CRYPTO 2005},
volume={3621},
series={Lecture Notes in Computer Science},
editor={Shoup, Victor},
doi={10.1007/11535218_2},
title={Finding Collisions in the Full SHA-1},
url={http://dx.doi.org/10.1007/11535218_2},
publisher={Springer Berlin Heidelberg},
keywords={Hash functions; collision search attacks; SHA-1; SHA-0},
author={Wang, Xiaoyun and Yin, YiqunLisa and Yu, Hongbo},
pages={17-36},
language={English}
}